@Misc{jayramChaulagain,
  author       = {Jayaram Chaulagain},
  title        = {{Important Questions and Answers of e-Governance}},
  year         = {2021},
  location     = {Birtamod, Jhapa},
  organization = {{Gomendra} {Multiple} {College}},
  subtitle     = {{BCA-VIII}},
}

@book{jSatyanarayana,
	author = {J. Satyanarayana},
	title = {e-Government},
	date = {2004},
	publisher = {PHI Learning Private Limited},
	location = {Delhi-110092},
	isbn = {978-81-203-2608-8},
	subtitle = {The Science of the Possible},
}

@book{richardHeeks,
	author = {Richard Heeks},
	title = {Implementing and Managing eGovernment},
	date = {2006},
	publisher = {Sage Publications Ltd},
	isbn = {0 7619 6791 5},
}

@book{s-prabhu-n-venkatesan,
	author = {{S. Prabhu} and {N.Venkatesan}},
	title = {Data Mining and Warehousing},
	date = {2007},
	location = {{4835/24, Ansari Road, Daryaganj, New Delhi - 110002}},
	publisher = {{New Age International (P) Limited, Publishers}},
	isbn = {978-81-224-2432-4},
}

@misc{sarojpandey,
	title = {{eGovernance}},
	url = {https://sarojpandey.com.np/academic/},
	abstract = {Academic, BCA, BIT},
	urldate = {2021-01-22},
	month = {4},
	year = {2010},
}

@misc{nareshK,
	author= {Naresh Kumar Shah},
	title = {{eGovernance Notes}},
	month = {3},
	organization={Purbanchal University School Of Engineering  \& Technology},
	year = {2017},
}
@Misc{bsccsitblog,
title    = {{EGovernance Notes}},
url      = {http://bsccsitblog.blogspot.com/2015/04/e-governance-notes.html},
urldate  = {2021-01-22},
}

@Misc{gidc-nitc,
	title    = {{General Overview of NITC/GIDC}},
	url      = {https://nitc.gov.np/aboutus/introduction},
	urldate  = {2021-01-25},
}

@manual{nitc-drc,
	title = {{E-Government Implementation Course Manual for High Level Officers of Nepal Government}},
	date = {2015},
	organization = {{National Information Technology Center - Disaster Recovery Center}},
	location = {{04 Huprachur, Hetauda, Makwanpur, Nepal (44107)}},

	url = {https://drc.nitc.gov.np/assets/img/downloads/200812043542MODULE_I.pdf},
	urldate = {2021-01-25},
}

@Misc{e-suvidha,
	title    = {{About e-Suvidha}},
	url      = {http://esuvidha.goup.in/about-e-suvidha},
	urldate  = {2021-02-12},
}

@Misc{e-suvidha-mission,
	title    = {{Mission \& Vision}},
	url      = {http://esuvidha.goup.in/mission-vision/},
	urldate  = {2021-02-12},
}


@Comment{jabref-meta: databaseType:bibtex;}
